@TechReport{barros2008wealthier,
  author={Rodrigo Barros},
  title={{Wealthier But Not Much Healthier: Effects of a Health Insurance Program for the Poor in Mexico}},
  year=2008,
  month=Nov,
  institution={Stanford Institute for Economic Policy Research},
  type={Discussion Papers},
  number={09-002}
}

@Book{furstenberg1976unplanned,
  title={Unplanned parenthood: The social consequences of teenage childbearing},
  author={Furstenberg, Frank F},
  year={1976},
  publisher={Free Press}
}

@TechReport{GIRE2009,
  author={Juarez, Fatima and Singh, Susheela and Maddow-Zimet, Isaac and Wulf, Deirdre},
  title={{Unintended Pregnancy and Induced Abortion in Mexico: Causes and Consequences}},
  institution ={Guttmacher Institute, New York},
  year={2013}      	      	
}

@TechReport{CONAPO2012,
  author={{Consejo Nacional de Poblaci{\'o}n}},
  title={{Proyecciones de la poblaci{\'o}n de M{\'e}xico 2010--2050}},
  year=2012,
  institution={CONAPO},
  number={{Documento Metodol{\'o}gico}} 
}

@TechReport{Gutierrez2015,
  author={Gutierrez-Vazquez, Edith Y. and Parrado, Emilio A},
  year={2015},
  title={{Abortion Legalization and Fertility Rates in Mexico}},
  type = {Unpublished Manuscript},
  note ={Available at \url{http://paa2015.princeton.edu/uploads/151146}},
  institution = {University of Pennsylvania},
}

@TechReport{knox_health_2008,
  title = {{Health Insurance for All: An Evaluation of Mexico's Seguro Popular Program}},
  author = {Knox, Melissa},
  type = {Unpublished manuscript},
  institution = {Department of Economics, University of California Berkley},
  year = {2008}
}

@misc{Gacetta2007,
  author={{Ciudad de M\'exico}},
  title={{Gaceta Oficial del Distrito Federal}},
  year=2007,
  howpublished={Gaceta Oficial, No 70, \'Organo del Gobierno del Distrito Federal, 26 April, 2007},
  note={Accessed at \url{http://web.archive.org/web/20150924024041/http://www.inmujeres.df.gob.mx/wb/inmujeres/decreto_por_el_que_se_reforma_el_codigo_penal_para} (consulted April 26, 2016).}
}

@misc{WHO2015,
  author={{World Health Organization}},
  title={{Maternal mortality ratio (modeled estimate, per 100,000 live births)}},
  year=2015,
  howpublished={WHO, UNICEF, UNFPA, The World Bank, and the United Nations Population Division. Trends in Maternal Mortality: 1990 to 2015.},
  note={Accessed at \url{http://data.worldbank.org/indicator/SH.STA.MMRT} (consulted April 26, 2016).}
}

@misc{WHO2015b,
  author={{World Health Organization}},
  title={{Family planning/Contraception}},
  year=2015,
  month=May,
  howpublished={{Fact sheet Number 351}},
  note={Accessed at \url{http://www.who.int/mediacentre/factsheets/fs351/en/} (consulted April 26, 2016).}
}

@article {Grimes2006,
  author = {Grimes, D. A. and Benson, J. and Singh, S. and Romero, M. and Ganatra, B. and Okonofua, F. E. and Shah, I. H.},
  title = {{Unsafe Abortion: The Preventable Pandemic}},
  journal = {The Lancet},
  volume = {368},
  number = {9550},
  pages = {1908--1919},
  year = {2006},
}

@Article{Bailey2013,
  author={Martha J. Bailey},
  title={{Fifty Years of Family Planning: New Evidence on the Long-Run Effects of Increasing Access to Contraception}},
  journal={Brookings Papers on Economic Activity},
  year=2013,
  volume={46},
  number={1 (Spring},
  pages={341-409},
  month={},
}

@article{Baileyetal2014,
  author  = {Bailey, Martha J. and Malkova, Olga and Norling, Johannes},
  title   = {{Do Family Planning Programs Decrease Poverty? Evidence from Public Census Data}},
  volume  = {60},
  number  = {2},
  pages   = {312-337},
  year    = {2014},
  journal = {CESifo Economic Studies}
}


@article{Ananatetal2009,
  author = {Ananat, Elizabeth Oltmans and Gruber, Jonathan and Levine, Phillip B and Staiger, Douglas},
  title = {Abortion and Selection},
  volume = {91},
  pages = {124--136},
  number = {1},
  journal = {Review of Economics and Statistics},
  year = 2009	 
}

@Article{Gruberetal1999,
  author={Jonathan Gruber and Phillip Levine and Douglas Staiger},
  title={{Abortion Legalization and Child Living Circumstances: Who is the ``Marginal Child''?}},
  journal={The Quarterly Journal of Economics},
  year=1999,
  volume={114},
  number={1},
  pages={263-291},
  month={},
}
			

@article{Darney2015,
  title={{The relationship of age and place of delivery with postpartum contraception prior to discharge in Mexico: A retrospective cohort study}},
  author={Darney, Blair G. and Sosa-Rubi, Sandra and Servan-Mori, Edson and  Rodriguez, Maria I. and Walker, Dilys and Lozano-Ascencio, Rafael},
  year={2016},
  journal = {Contraception},
  volume={{In Press}},
  month={Jan}
}

@article {Contreras2011,
  author = {Contreras, Xipatl and van Dijk, Marieke G. and Sanchez, Tahilin and Smith, Patricio Sanhueza},
  title = {{Experiences and Opinions of Health-Care Professionals Regarding Legal Abortion in Mexico City: A Qualitative Study}},
  journal = {Studies in Family Planning},
  volume = {42},
  number = {3},
  publisher = {Blackwell Publishing Ltd},
  pages = {183--190},
  year = {2011},
}

@Article{Becker2013,
  author={Becker, Davida},
  title={{Decriminalization of Abortion in Mexico City: The Effects on Women's Reproductive Rights}},
  journal={American Journal of Public Health},
  year= 2013,
  date={2013 April},
  volume={103},
  number={4},
  pages={590–593} 
}

@Article{Fraser2015,
  author={Fraser, Barbara},
  title={{Tide begins to turn on abortion access in South America}},
  journal={The Lancet},
  year= 2015,
  volume={383},
  number={9935},
  pages={2113 - 2114} 
}
 
@article{Bertrandetal2004,
  title   = {{How Much Should We Trust Differences-in-Differences Estimates?}},
  author  = {Marianne Bertrand and Esther Duflo and Sendhil Mullainathan},
  journal = {Quarterly Journal of Economics},
  volume  = {119},  
  number  = {1},
  year    = {2004}
}

@article{Dell2015,
  author  = {Melissa Dell},
  title   = {{Trafficking Networks and the Mexican Drug War}},
  journal = {American Economic Review},
  volume  = {105},
  pages   = {1738--79},
  number  = {6},
  year    = {2015}
}

@Article{CameronMiller2015,
  author={A. Colin Cameron and Douglas L. Miller},
  title={{A Practitioner’s Guide to Cluster-Robust Inference}},
  journal={Journal of Human Resources},
  year=2015,
  volume={50},
  number={2},
  pages={317-372},
  month={{Spring}} 
}

@Article{PopEleches2010,
  author={Cristian Pop-Eleches},
  title={{The Supply of Birth Control Methods, Education, and Fertility: Evidence from Romania}},
  journal={Journal of Human Resources},
  year=2010,
  volume={45},
  number={4},
  pages={971-997},
  month={{Fall}} 
}

@article{Baileyetal2013,
  title   = {{Recent Evidence on the Broad Benefits of Reproductive Health Policy}},
  author  = {Bailey, Martha and Guldi, Melanie and Hershbein, Brad},
  year    = {2013},
  journal = {Journal of Policy Analysis and Management},
  volume  = {32},
  number  = {4},
  pages   = {888-896},
}

@Article{Valente2014,
  author={Valente, Christine},
  title={{Access to abortion, investments in neonatal health, and sex-selection: Evidence from Nepal}},
  journal={Journal of Development Economics},
  year=2014,
  volume={107},
  number={C},
  pages={225-243},
  month={}
}

@TechReport{INEGI2012,
  author={{Instituto Nacional de Estad\'istica y Geograf\'ia}},
  title={{Derecho a la identidad.  La cobertura del registro de nacimiento en M\'exico en 1999 y 2009}},
  year=2012,
  institution={INEGI and UNICEF}
}

@TechReport{WHO1987,
  author={{World Health Organization}},
  title={{Studying Maternal Mortality in Developing Countries: A Guidebook}},
  year=1987,
  institution={WHO},
  number={{HO/FHE/87.7}} 
}

@TechReport{WHO2011,
  title  = {{Unsafe abortion: global and regional estimates of incidence of unsafe abortion and associated mortality in 2008}},
  author = {WHO},
  year   = {2011},
  institution = {World Health Organization Geneva},
  number = {6th edition}
}

@article{Knauletal2007,
	title = {{Evidence is good for your health system: policy reform to remedy catastrophic and impoverishing health spending in Mexico}},
	volume = {49},
	number = 1,
	pages = {S70--87},
	journal = {Salud P{\'u}blica De M{\'e}xico},
	author = {Knaul, Felicia Marie and Arreola-Ornelas, Héctor and Méndez-Carniado, Oscar and Bryson-Cahn, Chloe and Barofsky, Jeremy and Maguire, Rachel and Miranda, Martha and Sesma, Sergio},
	year = {2007},
}

@article{Huetal2007,
  author  = {D Hu and SM Bertozzi and E Gakidou and S Sweet and SJ Goldie SJ},
  title   = {{The Costs, Benefits, and Cost-Effectiveness of Interventions to Reduce Maternal Morbidity and Mortality in Mexico}},
  year    = 2007,
  journal = {{PLoS ONE}},
  volume  = 2,
  number  = 8,
  pages   = {e750}
}

@article{Johnson2013,
  author  = {Thea Johnson},
  title   = {{Guaranteed Access to Safe and Legal Abortions: The True Revolution of Mexico City's Legal Reforms Regarding Abortion}},
  year    = 2013,
  journal = {Columbia Human Rights Law Review},
  volume  = 44,
  number  = 2,
  pages   = {437--476}
}

@article{Johnsonetal2004,
  author  = {BR Johnson and M Horga and P Fajans},
  title   = {{A strategic assessment of abortion and contraception in Romania}},
  year    = 2004,
  journal = {Reproductive Health Matters},
  volume  = 12,
  number  = 24,
  pages   = {184--94},
  month   = {November}
}

@article{Berer2004,
  title   = {{National Laws and Unsafe Abortion: The Parameters of Change}},
  author  = {Berer, Marge},
  journal = {Reproductive Health Matters},
  volume  = {12},
  number  = {24},
  pages   = {1--8},
  year    = {2004}
}

@article{Berer2006,
  author  = {Marge Berer},
  title   = {{Hospital admission for complications of unsafe abortion}},
  journal = {The Lancet},
  year    = {2006},
  volume  = {368},
  number  = {9550},
  pages   = {1848 - 1849},
}

@article{Fredrick2007,
  author  = {Beth Fredrick},
  title   = {{Eliminating unsafe abortion worldwide}},
  journal = {The Lancet},
  year    = {2007},
  volume  = {370},
  number  = {9595},
  pages   = {1295 - 1297}
}

@article{TheLancet2009,
  author  = {{The Lancet}},
  title   = {Unsafe abortions: eight maternal deaths every hour},
  journal = {The Lancet},
  volume  = {374},
  number  = {9698},
  pages   = {1301 - },
  year    = {2009},
}

@article{Moloney2009,
  author  = {Anastasia Moloney},
  title   = {Abortion ban leads to more maternal deaths in Nicaragua},
  journal = {The Lancet},
  year    = {2009},
  volume  = {374},
  number  = {9691},
  pages   = {677 - }
}

@article{TheLancet2007,
  author  = {{The Lancet}},
  title   = {Women: more than mothers} ,
  journal = {The Lancet} ,
  year    = {2007},
  volume  = {370},
  number  = {9595},
  pages   = {1283 - }
}

@article{Khanetal2006,
  author  = {Khalid S Khan and Daniel Wojdyla and Lale Say and A Metin Gülmezoglu and Paul FA Van Look},
  title   = {{WHO analysis of causes of maternal death: a systematic review}},
  journal = {The Lancet},
  volume  = {367},
  number  = {9516},
  pages   = {1066 - 1074},
  year    = {2006},
}

@article{Chowdhury2007,
  author  = {A Mushtaque R Chowdhury},
  title   = {Rethinking interventions for women's health}, 
  journal = {The Lancet},  
  year    = {2007},
  volume  = {370},
  number  = {9595},
  pages   = {1292 - 1293}
}

@article{Chowdhuryetal2007,
  author  = {Mahbub Elahi Chowdhury and Roslin Botlero and Marge Koblinsky and Sajal Kumar Saha and Greet Dieltiens and Carine Ronsmans},
  title   = {Determinants of reduction in maternal mortality in Matlab, Bangladesh: a 30-year cohort study},
  journal = {The Lancet},
  volume  = {370},
  number  = {9595},
  pages   = {1320 - 1328},
  year    = {2007}
}

@article{RonsmansGraham2006,
  author  = {Ronsmans, Carine and Graham, Wendy J},
  title   = {Maternal mortality: who, when, where, and why},
  journal = {The Lancet},
  volume  = {368},
  number  = {9542},
  pages   = {1189 - 1200},
  year    = {2006}
}

@article{Yazbeck2007,
  author  = {Abdo S Yazbeck},
  title   = {Challenges in measuring maternal mortality},
  journal = {The Lancet},
  year    = {2007},
  volume  = {370},
  number  = {9595},
  pages   = {1291 - 1292},
}

@article{Hilletal2007,
  author  = {Kenneth Hill and Kevin Thomas and Carla AbouZahr and Neff Walker and Lale Say and Mie Inoue and Emi Suzuki},
  title   = {Estimates of maternal mortality worldwide between 1990 and 2005: an assessment of available data},
  journal = {The Lancet},
  volume  = {370},
  number  = {9595},
  pages   = {1311 - 1319},
  year    = {2007},
}

@article{Gelleretal2007,
  author  = {Stacie E. Geller and Marci G. Adams and Michelle A. Kominiarek and Judith U. Hibbard and Loraine K. Endres and Suzanne M. Cox and Sarah J. Kilpatrick},
  title   = {Reliability of a preventability model in maternal death and morbidity},
  journal = {American Journal of Obstetrics and Gynecology},
  year    = {2007},
  volume  = {196},
  number  = {1},
  pages   = {57.e1 - 57.e6}
}

@article{Aguirre1997,
  title   = {{Mortalidad materna en M{\'e}xico: medici{\'o}n a partir de estad{\'i}sticas vitales}},
  author  = {Aguirre, Alejandro},
  journal = {Estudios Demogr{\'a}ficos y Urbanos},
  volume  = {12},
  number  = {1/2 (34/35)},
  pages   = {69--99},
  year    = {1997}
}

@article{Walkeretal2004,
 title    = {{Deaths from Complications of Unsafe Abortion: Misclassified Second Trimester Deaths}},
 author   = {Walker, Dilys and Campero, Lourdes and Espinoza, Henry and Hern{\'a}ndez, Bernardo and Anaya, Luis and Reynoso, Sofia and Langer, Ana},
  journal = {Reproductive Health Matters},
  volume  = {12},
  number  = {24},
  pages   = {27--38},
  year    = {2004}
}

@article{Schiavonetal2012,
  author  = {Raffaela Schiavon and Erika Troncoso and Gerardo Polo},
  title   = {{Analysis of maternal and abortion-related mortality in Mexico over the last two decades, 1990--2008}},
  year    = {2012},
  journal = {International Journal of Gynecology \& Obstetrics},
  volume  = {118, Supplement 2},
  number  = {},
  pages   = {S78 - S86}
}

@article{Adleretal2012,
  author  = {Alma J. Adler and Veronique Filippi and Sara L. Thomas and Carine Ronsmans},
  title   = {{Quantifying the global burden of morbidity due to unsafe abortion: Magnitude in hospital-based studies and methodological issues}},
  year    = {2012},
  journal = {International Journal of Gynecology \& Obstetrics},
  volume  = {118, Supplement 2},
  number  = {},
  pages   = {S65 - S77}
}

@article{vanDijketal2012,
  author  = {Marieke G. van Dijk and Armando Ahued Ortega and Xipatl Contreras and Sandra G. Garc{\'i}a},
  title   = {{Stories behind the statistics: A review of abortion-related deaths from 2005 to 2007 in Mexico City}},
  journal = {International Journal of Gynecology \& Obstetrics},
  year    = {2012},
  volume  = {118, Supplement 2},
  number  = {},
  pages   = {S87 - S91}
}

@article{Sedghetal2007,
  author  = {Gilda Sedgh and Stanley Henshaw and Susheela Singh and Elisabeth {\"A}hman and Iqbal H Shah},
  title   = {{Induced abortion: estimated rates and trends worldwide}},
  journal = {The Lancet},
  year    = {2007},
  volume  = {370},
  number  = {9595},
  pages   = {1338 - 1345}
}

@article{Sedghetal2012,
  author  = {Gilda Sedgh and Susheela Singh and Iqbal H Shah and Elisabeth {\"A}hman and Stanley K Henshaw and Akinrinola Bankole},
  title   = {{Induced abortion: incidence and trends worldwide from 1995 to 2008}},
  journal = {The Lancet},
  year    = {2012},
  volume  = {379},
  number  = {9816},
  pages   = {625--632}
}

@article{WinikoffSheldon2012,
  author  = {Beverly Winikoff and Wendy R Sheldon},
  title   = {Abortion: what is the problem?},
  journal = {The Lancet},
  year    = {2012},
  volume  = {379},
  number  = {9816},
  pages   = {594 - 596},
}

@article{TempletonGrimes2011,
  author  = {Templeton, Allan and Grimes, David A.},
  title   = {{A Request for Abortion}},
  journal = {New England Journal of Medicine},
  volume  = {365},
  number  = {23},
  pages   = {2198-2204},
  year   = {2011}
}

@article{Singh2006,
  author  = {Susheela Singh},
  title   = {{Hospital admissions resulting from unsafe abortion: estimates from 13 developing countries}},
  journal = {The Lancet},
  volume  = {368},
  number  = {9550},
  pages   = {1887 - 1892},
  year    = {2006},
}

@article{Kulczycki2011,
  title = {{Abortion in Latin America: Changes in Practice, Growing Conflict, and Recent Policy Developments}},
  author  = {Kulczycki, Andrzej},
  journal = {Studies in Family Planning},
  year    = {2011},
  volume  = {42},
  number  = {3},
  pages   = {199--220}
}

@article{Madrazo2009,
  author  = {Alejandro Madrazo},
  title   = {{The evolution of Mexico City's abortion laws: From public morality to women's autonomy}},
  journal = {International Journal of Gynecology \& Obstetrics},
  volume  = {106},
  number  = {3},
  pages   = {266 - 269},
  year    = {2009}
}

@article{Levinetal2009,
  author  = {Carol Levin and Daniel Grossman and Karla Berdichevsky and Claudia Diaz and Belkis Aracena and Sandra G Garcia and Lorelei Goodyear},
  title   = {{Exploring the costs and economic consequences of unsafe abortion in Mexico City before legalisation }},
  journal = {Reproductive Health Matters},
  volume  = {17},
  number  = {33},
  pages   = {120 -- 132},
  year    = {2009},
}

@article{Schiavonetal2010,
  title   = {Characteristics of private abortion services in Mexico City after legalization},
  author  = {Schiavon, Raffaela and Collado, Maria Elena and Troncoso, Erika and S{\'a}nchez, Jos{\'e} Ezequiel Soto and Zorrilla, Gabriela Otero and Palermo, Tia},
  journal = {Reproductive Health Matters},
  volume  = {18},
  number  = {36},
  pages   = {127--135},
  year    = {2010},
}

@article{JuarezSingh2012,
  title   = {{Incidence of Induced Abortion by Age and State, Mexico, 2009: New Estimates Using a Modified Methodology}},
  author  = {Juarez, Fatima and Singh, Susheela},
  journal = {International Perspectives on Sexual and Reproductive Health},
  volume  = {38},
  number  = {2},
  pages   = {58--67},
  year    = {2012}
}

@report{cutler_technology_1999,
	title = {The Technology of Birth: Is it Worth it?},
	number = {7390},
	institution = {National Bureau of Economic Research},
	type = {Working Paper},
	author = {Cutler, David M. and Meara, Ellen},
	date = {1999-10}
}

@article{roberts_antenatal_2009,
	title = {Antenatal corticosteroids for accelerating fetal lung maturation for women at risk of preterm birth},
	number = {4},
	journaltitle = {Cochrane Database of Systematic Reviews 2007},
	author = {Roberts, Dalziel},
	date = {2009}
}

@article{almond_estimating_2010,
	title = {Estimating Marginal Returns to Medical Care: Evidence from At-risk Newborns},
	volume = {125},
	pages = {591--634},
	number = {2},
	journaltitle = {The Quarterly Journal of Economics},
	author = {Almond, Douglas and Doyle, Joseph J. and Kowalski, Amanda E. and Williams, Heidi},
	date = {2010}
}

 

@article{lee_regression_2010,
	title = {Regression Discontinuity Designs in Economics},
	volume = {48},
	pages = {281--355},
	number = {2},
	journaltitle = {Journal of Economic Literature},
	author = {Lee, David S. and Lemieux, Thomas},
	date = {2010-06}
}

@book{angrist_mostly_2009,
	title = {Mostly harmless econometrics: an empiricist’s companion},
	publisher = {Princeton University Press},
	author = {Angrist, Joshua D. and Pischke, Jörn-Steffen},
	year = {2009}
}

@article{eklundh_handlaggning_2011,
	title = {Handläggning vid hotande förtidsbörd},
	volume = {108},
	pages = {1831--1834},
	number = {38},
	journaltitle = {Läkartidningen},
	author = {Eklundh, Annika and Grunewald, Charlotta},
	date = {2011}
}

@article{tsai_effects_2015,
	title = {Effects of pubertal timing on alcohol and tobacco use in the early adulthood: A longitudinal cohort study in Taiwan},
	volume = {36},
	pages = {376 -- 383},
	number = {0},
	journaltitle = {Research in Developmental Disabilities},
	author = {Tsai, Meng-Che and Hsieh, Yi-Ping and Strong, Carol and Lin, Chung-Ying},
	date = {2015}
}

@article{bharadwaj_early_2013,
	title = {Early Life Health Interventions and Academic Achievement},
	volume = {103},
	pages = {1862--91},
	number = {5},
	journaltitle = {American Economic Review},
	author = {Bharadwaj, Prashant and Løken, Katrine Vellesen and Neilson, Christopher},
	date = {2013}
}

@article{mccrary_manipulation_2008,
	title = {Manipulation of the running variable in the regression discontinuity design: A density test},
	volume = {142},
	pages = {698--714},
	number = {2},
	journaltitle = {Journal of Econometrics},
	author = {{McCrary}, Justin},
	date = {2008}
}

@article{imbens_regression_2008,
	title = {Regression discontinuity designs: A guide to practice},
	volume = {142},
	pages = {615--635},
	number = {2},
	journaltitle = {Journal of Econometrics},
	author = {Imbens, Guido W. and Lemieux, Thomas},
	date = {2008-02}
}

@report{heckman_economics_2007,
	title = {The Economics, Technology and Neuroscience of Human Capability Formation},
	number = {2875},
	institution = {Institute for the Study of Labor ({IZA})},
	type = {{IZA} Discussion Papers},
	author = {Heckman, James J.},
	date = {2007-06}
}

@report{almond_human_2010,
	title = {Human Capital Development Before Age Five},
	number = {15827},
	institution = {National Bureau of Economic Research, Inc},
	type = {{NBER} Working Papers},
	author = {Almond, Douglas and Currie, Janet},
	date = {2010-03}
}

@article{gluckman_maternal_2004,
	title = {Maternal constraint of fetal growth and its consequences},
	volume = {9},
	pages = {419--425},
	number = {5},
	journaltitle = {Seminars in Fetal \& Neonatal Medicine},
	author = {Gluckman, Peter D. and Hanson, Mark A.},
	date = {2004}
}
 

@article{barker_fetal_1995,
	title = {Fetal origins of coronary heart diseas},
	volume = {311(6998)},
	pages = {171--4},
	journaltitle = {British Medical Journal},
	author = {Barker, D J},
	date = {1995-07-15}
}

@report{currie_early-life_2012,
	title = {Early-Life Health and Adult Circumstance in Developing Countries},
	number = {18371},
	institution = {National Bureau of Economic Research, Inc},
	type = {{NBER} Working Papers},
	author = {Currie, Janet and Vogl, Tom},
	date = {2012-09}
}

@TechReport{CharlesStephens2002 ,
	author={Kerwin Kofi Charles and Stephen, Jr., Melvin},
	title={{Abortion Legalization and Adolescent Substance Use}},
	year=2002,
	month=Sep,
	institution={National Bureau of Economic Research, Inc},
	type={NBER Working Papers},
	url={http://ideas.repec.org/p/nbr/nberwo/9193.html},
	number={9193} 
}


@Article{DonohueLevitt2001,
	author={John J. Donohue and Steven D. Levitt},
	title={{The Impact Of Legalized Abortion On Crime}},
	journal={The Quarterly Journal of Economics},
	year=2001,
	volume={116},
	number={2},
	pages={379-420},
	month={May}
}

@Article{DonohueLevitt2004,
	author={John J. Donohue, III and Steven D. Levitt},
	title={{Further Evidence that Legalized Abortion Lowered Crime: A Reply to Joyce}},
	journal={Journal of Human Resources},
	year=2004,
	volume={39},
	number={1},
	pages={},
	month={} 
}


@TechReport{Gruberetal,
	author={Jonathan Gruber and Phillip Levine and Douglas Staiger},
	title={{Abortion Legalization and Child Living Circumstances: Who is the \&quot;Marginal Child?\&quot;}},
	year=1997,
	month=May,
	institution={National Bureau of Economic Research, Inc},
	type={NBER Working Papers},
	url={http://ideas.repec.org/p/nbr/nberwo/6034.html},
	number={6034} 
}

@Article{Pop-Eleches,
	author={Cristian Pop-Eleches},
	title={{The Impact of an Abortion Ban on Socioeconomic Outcomes of Children: Evidence from Romania}},
	journal={Journal of Political Economy},
	year=2006,
	volume={114},
	number={4},
	pages={744-773},
	month={August} 
}

@Article{Ashraf,
	author={Nava Ashraf and Erica Field and Jean Lee},
	title={{Household Bargaining and Excess Fertility: An Experimental Study in Zambia}},
	journal={American Economic Review},
	year=2014,
	volume={104},
	number={7},
	pages={2210-37},
	month={July},
	keywords={} 
}



@Article{Kalb ,
	author={M {Mondrag\'on y Kalb} and A {Ahued Ortega} and J {Morales Velazquez} and C {Diaz Olavarrieta} and J {Valencia Rodriguez} and D Becker and SG Garcia},
	title={{Patient characteristics and service trends following abortion legalization in	Mexico City, 2007-10}},
	journal={American journal of public health},
	year= 2011,
	date={2011 Sep},
	volume={3},
	number={42},
	pages={159-66} 
}

@article{deValle2014,
	title = {[From Caring to Work: The Labor Market Effects of Non-contributory Health Insurance.]},
	author = {Alejandro del Valle},
	year = {2014},
	type = {working paper}
}
 
 
 @report{cutler_technology_1999,
 	title = {The Technology of Birth: Is it Worth it?},
 	number = {7390},
 	institution = {National Bureau of Economic Research},
 	type = {Working Paper},
 	author = {Cutler, David M. and Meara, Ellen},
 	date = {1999-10}
 }
 
 @article{roberts_antenatal_2009,
 	title = {Antenatal corticosteroids for accelerating fetal lung maturation for women at risk of preterm birth},
 	number = {4},
 	journaltitle = {Cochrane Database of Systematic Reviews 2007},
 	author = {Roberts, Dalziel},
 	date = {2009}
 }
 
 @article{almond_estimating_2010,
 	title = {Estimating Marginal Returns to Medical Care: Evidence from At-risk Newborns},
 	volume = {125},
 	pages = {591--634},
 	number = {2},
 	journaltitle = {The Quarterly Journal of Economics},
 	author = {Almond, Douglas and Doyle, Joseph J. and Kowalski, Amanda E. and Williams, Heidi},
 	date = {2010}
 }
 
 
 
 @article{lee_regression_2010,
 	title = {Regression Discontinuity Designs in Economics},
 	volume = {48},
 	pages = {281--355},
 	number = {2},
 	journaltitle = {Journal of Economic Literature},
 	author = {Lee, David S. and Lemieux, Thomas},
 	date = {2010-06}
 }
 
 @article{eklundh_handlaggning_2011,
 	title = {Handläggning vid hotande förtidsbörd},
 	volume = {108},
 	pages = {1831--1834},
 	number = {38},
 	journaltitle = {Läkartidningen},
 	author = {Eklundh, Annika and Grunewald, Charlotta},
 	date = {2011}
 }
 
 @article{tsai_effects_2015,
 	title = {Effects of pubertal timing on alcohol and tobacco use in the early adulthood: A longitudinal cohort study in Taiwan},
 	volume = {36},
 	pages = {376 -- 383},
 	number = {0},
 	journaltitle = {Research in Developmental Disabilities},
 	author = {Tsai, Meng-Che and Hsieh, Yi-Ping and Strong, Carol and Lin, Chung-Ying},
 	date = {2015}
 }
  
 @article{bharadwaj_early_2013,
 	title = {Early Life Health Interventions and Academic Achievement},
 	volume = {103},
 	pages = {1862--91},
 	number = {5},
 	journaltitle = {American Economic Review},
 	author = {Bharadwaj, Prashant and Løken, Katrine Vellesen and Neilson, Christopher},
 	date = {2013}
 }
 
 @article{mccrary_manipulation_2008,
 	title = {Manipulation of the running variable in the regression discontinuity design: A density test},
 	volume = {142},
 	pages = {698--714},
 	number = {2},
 	journaltitle = {Journal of Econometrics},
 	author = {{McCrary}, Justin},
 	date = {2008}
 }
 
 @article{imbens_regression_2008,
 	title = {Regression discontinuity designs: A guide to practice},
 	volume = {142},
 	pages = {615--635},
 	number = {2},
 	journaltitle = {Journal of Econometrics},
 	author = {Imbens, Guido W. and Lemieux, Thomas},
 	date = {2008-02}
 }
 
 @report{heckman_economics_2007,
 	title = {The Economics, Technology and Neuroscience of Human Capability Formation},
 	number = {2875},
 	institution = {Institute for the Study of Labor ({IZA})},
 	type = {{IZA} Discussion Papers},
 	author = {Heckman, James J.},
 	date = {2007-06}
 }
 
 @report{almond_human_2010,
 	title = {Human Capital Development Before Age Five},
 	number = {15827},
 	institution = {National Bureau of Economic Research, Inc},
 	type = {{NBER} Working Papers},
 	author = {Almond, Douglas and Currie, Janet},
 	date = {2010-03}
 }
 
 @article{gluckman_maternal_2004,
 	title = {Maternal constraint of fetal growth and its consequences},
 	volume = {9},
 	pages = {419--425},
 	number = {5},
 	journaltitle = {Seminars in Fetal \& Neonatal Medicine},
 	author = {Gluckman, Peter D. and Hanson, Mark A.},
 	date = {2004}
 }
 
 
 @article{barker_fetal_1995,
 	title = {Fetal origins of coronary heart diseas},
 	volume = {311(6998)},
 	pages = {171--4},
 	journaltitle = {British Medical Journal},
 	author = {Barker, D J},
 	date = {1995-07-15}
 }
 
 @report{currie_early-life_2012,
 	title = {Early-Life Health and Adult Circumstance in Developing Countries},
 	number = {18371},
 	institution = {National Bureau of Economic Research, Inc},
 	type = {{NBER} Working Papers},
 	author = {Currie, Janet and Vogl, Tom},
 	date = {2012-09}
 }
 
 
 @TechReport{Oreffice2003,
 	author={Sonia Oreffice},
 	title={{Abortion and Female Power in the Household Evidence from Labor Supply}},
 	year=2003,
 	month=Apr,
 	institution={Fondazione Eni Enrico Mattei},
 	type={Working Papers},
 	url={http://ideas.repec.org/p/fem/femwpa/2003.41.html},
 	number={2003.41} 
 }
 
 
 
 @TechReport{AngristEvans,
 	author={Joshua D. Angrist and William N. Evans},
 	title={{Schooling and Labor Market Consequences of the 1970 State Abortion Reforms}},
 	year=1996,
 	month=Jan,
 	institution={National Bureau of Economic Research, Inc},
 	type={NBER Working Papers},
 	url={http://ideas.repec.org/p/nbr/nberwo/5406.html},
 	number={5406} 
 }
 
 @Article{Juarez,
 	author={Fatima Juarez and Susheela Singh},
 	title={{Incidence of Induced Abortion by Age and State, Mexico, 2009: New Estimates Using a Modified Methodology}},
 	journal={International Perspectives on Sexual and Reproductive Health},
 	year= 2012,
 	volume={38},
 	number={2},
 	pages={58-67} 
 }
 
  @article{Singh2015,
  	title = {[The influence of abortion legislation on maternal mortality]},
  	author = {Singh, K and Ratnam, S.S},
  	year = {2015},
  	journaltitle ={International Journal of Gynecology and Obstetrics},
  	volume= {63},
  	pages= {123 -129}
  }
  
  @article {Brown2007,
  	author = {Brown, Hannah},
  	title = {Abortion round the world},
  	volume = {335},
  	number = {7628},
  	pages = {1018--1019},
  	year = {2007},
  	publisher = {BMJ Publishing Group Ltd},
  	issn = {0959-8138},
  	journal = {BMJ}
  }
 
 
    
    
    
 
   @Article{Lin2008,
   	title ={"More Women Missing, Fewer Girls Dying: The Impact of Abortion on Sex Ratios at Birth and  Excess Female Mortality in Taiwan},
   	author = {Ming-Jen Lin and Nancy Qian and Jin-Tan Liu},
   	institution = {National Bureau of Economic Research},
   	type = {Working Paper},
   	series = {Working Paper Series},
   	number = {14541},
   	year = {2008},
   	month = {December},
   	doi = {10.3386/w14541},
   	URL = {http://www.nber.org/papers/w14541}
   	
   }
   @Article{Valente2010,
   	author= {Valente, Cristine},
   	title= {Access to Abortion, Investments in Neonatal Health, and Sex-Selection: Evidence from Nepal},
   	year= {2010},
   	month= {Jul},
   	institution= {HEDG, c/o Department of Economics, University of York},
   	type= {Health, Econometrics and Data Group (HEDG) Working Papers},
   	url= {https://ideas.repec.org/p/yor/hectdg/10-15.html},
   	number= {10/15}
   	
   	
   }
   @Article{Mitrut2011,
   	title = {The Impact of Legalized Abortion on Child Health Outcomes and Abandonment. Evidence from Romania},
   	author = {Mitrut, Andreea and Wolff, François-Charles},
   	year = {2010},
   	institution = {HAL},
   	type = {Working Papers},
   	url = {http://EconPapers.repec.org/RePEc:hal:wpaper:hal-00470578}
   }
   
   @Article{Levine1996,
   	author={Levine, Phillip B. and Trainor, Amy B. and Zimmerman, David J.},
   	title={{The effect of Medicaid abortion funding restrictions on abortions, pregnancies and births}},
   	journal={Journal of Health Economics},
   	year={1996},
   	volume={15},
   	number={5},
   	pages={555-578},
   	month={October},
   	keywords={},
   	doi={},
   	url={https://ideas.repec.org/a/eee/jhecon/v15y1996i5p555-578.html}
   }
   
      @book{conti2014evaluating,
      	title={Evaluating a Universal Health Insurance Program: Evidence from Mexico},
      	author={Conti, Gabriella and Ginja, Rita},
      	year={2014},
      	publisher={Unpublished Manuscript}
      }
      
      
      
        @Article{Gakidou2006,
        	author={Gakidou, Emmanuela and Lozano, Rafael and González-Pier, Eduardo and Abbott-Klafter, Jesse and Barofsky, Jeremy T and Bryson-Cahn, Chloe and Feehan, Dennis M and Lee, Diana K and Hernández-Llamas, Hector and Murray, Christopher JL},
        	title={{Health system reform in Mexico 5: Assessing the effect of the 2001-06 Mexican health reform: an interim report card}},
        	journal={The Lancet},
        	year={2006},
        	volume={368},
        	issue={9550},
        	pages={1920-1935},
        	month={November},
        	keywords={},
        	doi={10.1016/S0140-6736(06)69568-8},
        	url={http://dx.doi.org/10.1016/S0140-6736(06)69568-8}
        }
      
      
      
      
@article{king2009public,
	title={Public policy for the poor? A randomised assessment of the Mexican universal health insurance programme},
	author={King, Gary and Gakidou, Emmanuela and Imai, Kosuke and Lakin, Jason and Moore, Ryan T and Nall, Clayton and Ravishankar, Nirmala and Vargas, Manett and T{\'e}llez-Rojo, Martha Mar{\'\i}a and {\'A}vila, Juan Eugenio Hern{\'a}ndez and others},
	journal={The lancet},
	volume={373},
	number={9673},
	pages={1447--1454},
	year={2009},
	publisher={Elsevier}
}
   @article{sosa2009heterogeneous,
   	title={Heterogeneous impact of the “seguro popular” program on the utilization of obstetrical services in mexico, 2001--2006: a multinomial probit model with a discrete endogenous variable},
   	author={Sosa-Rubi, Sandra G and Galarraga, Omar and Harris, Jeffrey E},
   	journal={Journal of health economics},
   	volume={28},
   	number={1},
   	pages={20--34},
   	year={2009},
   	publisher={Elsevier}
}
   
   @article{bosch2012taking,
   	title={Taking stock of eight years of implementation of Seguro Popular in Mexico},
   	author={Bosch, Mariano and Cobacho, M Bel{\'e}n and Pages, C},
   	journal={Washington, DC, United States: Inter-American Development Bank. Mimeographed document},
   	year={2012}
   }
   @article{akerlof1996analysis,
   	title={An analysis of out-of-wedlock childbearing in the United States},
   	author={Akerlof, George A and Yellen, Janet L and Katz, Michael L},
   	journal={The Quarterly Journal of Economics},
   	pages={277--317},
   	year={1996},
   	publisher={JSTOR}
   }
   @article{levine2004abortion,
   	title={Abortion Policy and Fertility Outcomes: The Eastern European Experience*},
   	author={Levine, Phillip B and Staiger, Douglas},
   	journal={Journal of Law and Economics},
   	volume={47},
   	number={1},
   	pages={223--243},
   	year={2004},
   	publisher={JSTOR}
   }
           
        @techreport{jayachandran2009modern,
        	title={Modern Medicine and the 20th Century Decline in Mortality: Evidence on the Impact of Sulfa Drugs},
        	author={Jayachandran, Seema and Lleras-Muney, Adriana and Smith, Kimberly V},
        	year={2009},
        	institution={National Bureau of Economic Research}
        }  
        @techreport{jayachandran2008life,
        	title={Life expectancy and human capital investments: Evidence from maternal mortality declines},
        	author={Jayachandran, Seema and Lleras-Muney, Adriana},
        	year={2008},
        	institution={National bureau of economic research}
        }
        @article{Koch01022015,
        	author = {Koch, Elard and Chireau, Monique and Pliego, Fernando and Stanford, Joseph and Haddad, Sebastian and Calhoun, Byron and Aracena, Paula and Bravo, Miguel and Gatica, Sebastián and Thorp, John}, 
        	title = {Abortion legislation, maternal healthcare, fertility, female literacy, sanitation, violence against women and maternal deaths: a natural experiment in 32 Mexican states},
        	volume = {5}, 
        	number = {2}, 
        	year = {2015}, 
        	doi = {10.1136/bmjopen-2014-006013}, 
        	URL = {http://bmjopen.bmj.com/content/5/2/e006013.abstract}, 
        	eprint = {http://bmjopen.bmj.com/content/5/2/e006013.full.pdf+html}, 
        	journal = {BMJ Open} 
        }
        
        @techreport{UN2014,
        	
       author ={{United Nations}},
        	
       title = {{Abortion Policies and Reproductive Health around the World}},
        	
       institution = {Department of Economic and Social Affairs: Population Division},
        	
       year = {2014},
        	
       number = {E.14.XIII.11}
        	
       }
       @article{chiappori2008birth,
       	title={Birth control and female empowerment: An equilibrium analysis},
       	author={Chiappori, Pierre-Andr{\'e} and Oreffice, Sonia},
       	journal={Journal of Political Economy},
       	volume={116},
       	number={1},
       	pages={113--140},
       	year={2008},
       	publisher={JSTOR}
       }
       
      @article{guardianJan,
      	title={Zika outbreak raises fears of rise in deaths from unsafe abortions},
       	author={Boseley, Sarah and  Douglas, Bruce},
        newspaper={The Guardian},
        month={January},
        year={2016},
        url={http://www.theguardian.com/world/2016/jan/29/zika-virus-unsafe-abortions-contraception-latin-america}
              }
              
    @article{guardianFeb,
    	title={UN tells Latin American countries hit by Zika to allow women access to abortion},
    	author={Watts, Jonathan},
    	newspaper={The Guardian},
      	month={February},
    	year={2016},
    	url={http://www.theguardian.com/world/2016/feb/05/zika-virus-epidemic-abortion-birth-control-access-latin-america-united-nations}
    }
                 
   	@article{heymann2016zika,
   		title={Zika virus and microcephaly: why is this situation a PHEIC?},
   		author={Heymann, David L and Hodgson, Abraham and Sall, Amadou Alpha and Freedman, David O and Staples, J Erin and Althabe, Fernando and Baruah, Kalpana and Mahmud, Ghazala and Kandun, Nyoman and Vasconcelos, Pedro FC and others},
   		journal={The Lancet},
   		year={2016},
   		publisher={Elsevier}
   	}
   	
   	@article{levine2004abortion,
   		title={Abortion Policy and Fertility Outcomes: The Eastern European Experience*},
   		author={Levine, Phillip B and Staiger, Douglas},
   		journal={Journal of Law and Economics},
   		volume={47},
   		number={1},
   		pages={223--243},
   		year={2004},
   		publisher={JSTOR}
   	}
   	@article{guldi2008fertility,
   		title={Fertility effects of abortion and birth control pill access for minors},
   		author={Guldi, Melanie},
   		journal={Demography},
   		volume={45},
   		number={4},
   		pages={817--827},
   		year={2008},
   		publisher={Springer}
   	}
   	
   	@book{dennis2009impact,
   		title={The impact of laws requiring parental involvement for abortion: a literature review},
   		author={Dennis, Amanda and Henshaw, Stanley K and Joyce, Theodore J and Finer, Lawrence B and Blanchard, Kelly},
   		year={2009},
   		publisher={Guttmacher Institute New York}
   	}
   	
   	@book{wooldridge2010econometric,
   		title={Econometric analysis of cross section and panel data},
   		author={Wooldridge, Jeffrey M},
   		year={2010},
   		publisher={MIT press}
   	}
   	
   	@article{tatum2012decisionmaking,
   		title={Decisionmaking regarding unwanted pregnancy among adolescents in Mexico City: a qualitative study},
   		author={Tatum, Carrie and Rueda, Marcela and Bain, Jennifer and Clyde, Jessie and Carino, Giselle},
   		journal={Studies in family planning},
   		volume={43},
   		number={1},
   		pages={43--56},
   		year={2012},
   		publisher={Wiley Online Library}
   	}
   	
   	@incollection{becker1974interaction,
   		title={Interaction between quantity and quality of children},
   		author={Becker, Gary S and Lewis, H Gregg},
   		booktitle={Economics of the family: Marriage, children, and human capital},
   		pages={81--90},
   		year={1974},
   		publisher={University of Chicago Press}
   	}
   	
   	@article{hogan2010maternal,
   		title={Maternal mortality for 181 countries, 1980--2008: a systematic analysis of progress towards Millennium Development Goal 5},
   		author={Hogan, Margaret C and Foreman, Kyle J and Naghavi, Mohsen and Ahn, Stephanie Y and Wang, Mengru and Makela, Susanna M and Lopez, Alan D and Lozano, Rafael and Murray, Christopher JL},
   		journal={The lancet},
   		volume={375},
   		number={9726},
   		pages={1609--1623},
   		year={2010},
   		publisher={Elsevier}
   	}
   	
   	@article{levine2004,
   		title={Abortion policy and the economics of fertility},
   		author={Levine, Phillip B},
   		journal={Society},
   		volume={41},
   		number={4},
   		pages={79--85},
   		year={2004},
   		publisher={Springer}
   	}
